@online{folkhalso,
	author = {Folkh채lsomyndigheten},
	title = {Totalt antal laboratoriebekr채ftade},
	year = {2020},
	url = {https://www.folkhalsomyndigheten.se/smittskydd-beredskap/utbrott/aktuella-utbrott/covid-19/bekraftade-fall-i-sverige/},
	urldate = {2020-04-29},
}

@online{population,
	author = {SCB},
	title = {Sveriges befolkning},
	date = {2020-03-30},
	url = {https://www.scb.se/hitta-statistik/sverige-i-siffror/manniskorna-i-sverige/sveriges-befolkning/},
	urldate = {2020-04-29},
}

@online{faq,
	author = {Folkh채lsomyndigheten},
	title = {Fr책gor och svar om covid-19},
	year = {2020},
	url = {https://www.folkhalsomyndigheten.se/smittskydd-beredskap/utbrott/aktuella-utbrott/covid-19/fragor-och-svar/},
	urldate = {2020-05-01},
}

@online{populationDist,
	author = {SCB},
	title = {Sveriges befolkningspyramid},
	date = {2020-03-25},
	url = {https://www.scb.se/hitta-statistik/sverige-i-siffror/manniskorna-i-sverige/sveriges-befolkningspyramid/},
	urldate = {2020-05-02},
}
