@article{almgren12,
  title={The opportunistic replacement problem: theoretical analyses and numerical tests},
  author={Almgren, Torgny and Andr{\'e}asson, Niclas and Patriksson, Michael and Str{\"o}mberg, Ann-Brith and Wojciechowski, Adam and {\"O}nnheim, Magnus},
  journal={Mathematical Methods of Operations Research},
  volume={76},
  number={3},
  pages={289--319},
  year={2012},
  publisher={Springer}
}

@article{gustavsson14,
  title={Preventive maintenance scheduling of multi-component systems with interval costs},
  author={Gustavsson, Emil and Patriksson, Michael and Str{\"o}mberg, Ann-Brith and Wojciechowski, Adam and {\"O}nnheim, Magnus},
  journal={Computers \& Industrial Engineering},
  volume={76},
  pages={390--400},
  year={2014},
  publisher={Elsevier}
}