@unpublished{lnotes,
	author = {Alexei Heintz},
	title = {Föreläsningsanteckningar},
}
